% This file was created with JabRef 2.10.
% Encoding: Cp1252



@Article{LeCun98,
  Title                    = {Gradient-Based Learning Applied to Document Recognition},
  Author                   = {Yann LeCun and Leon Bottou and Yoshua Bengio and Patrick Haffner},
  Journal                  = {Springer},
  Year                     = {1998},
	
  Owner                    = {Jan},
  Timestamp                = {2017.06.16}
}

